@Book{
	SCHONFELD,
	author={Vilém Schönfeld},
	title={Učebnice vědecké grafologie pro začátečníky},
	publisher={Elfa},
	edition={4},
	year={2007},
	address={Praha},
	isbn={978-80-86439-10-5}
}


@Article{
	DRIVER,
	author={Russel W. Driver and M. Ronald Buckley},
	title={Should We Write Off Graphology?},
	journal={International Journal of Selection and Assessment},
	year={2007},
	issn={1365-2575.2012.00413}
}

@Article{
	GP2,
	author={P. T. Young},
	title={Sex differences in handwritting},
	journal={Journal of Applied Psychology},
	year={2007},
	issn={1365-2575.2012.72627}
}

@Book{
	MICHON,
	author={Michon, Jean-Hippolyte},
	title={Systeme de Graphologie},
	publisher={},
	edition={2},
	year={1977},
	address={Paris},
	isbn={978-2-01277121-5}
}

@Misc{
	FORENSE,
	author={Diana Harrison},
	title={Handwritting Examination: Meeting the Challenges of Science and the Law},
	howpublished={online},
	revised={rev. 4.11.2009},
	cited={!2015-04-20},
	url={http://tinyurl.com/pxuz35t}
}

@Misc{
	HEALTH,
	author={Anonym},
	title={Grafologie: Využití},
	howpublished={online},
	revised={rev. 1.3.2015},
	cited={!2015-04-20},
	url={http://cs.wikipedia.org/wiki/Grafologie}
}

@Misc{
	PAINT,
	author={Robert Saudek},
	title={Experimentální grafologie: Kresba},
	howpublished={online},
	revised={rev. 5.2.2013},
	cited={!2015-04-20},
	url={http://www.grafolog.estranky.cz}
}

@InProceedings{
	JOEP,
	author={Neil Brewer},
	title={Journal of Experimental Psychology: Applied},
	address={Santa Barbara, California},
	publisher={University of California},
	year={2003},
	volume={9/2203},
	issn={1076-898X}
}

@BachelorThesis{
	MASARNA,
	author={Kamila Gojná},
	title={Přirozený a spontánní výtvarný projev dospívajích},
	school={Masarykova Univerzita},
	adress={Brno},
	year={2014}
}

@BachelorThesis{
	MASARNA2,
	author={Dalibor Kučera},
	title={Emocionalita v rukopisu interpersonální charakteristiky v rukopisu},
	school={Masarykova Univerzita},
	adress={Brno},
	year={2014}
}